@book{ramalho,
    title = {Fluent Python},
    author = {Ramalho, L},
    address = {Sebastopol},
    publisher = {O'Reilly Media},
    year = 2015
}

@online{python-docs,
    title = {Python 3.7.4rc1 documentation},
    year = 2019,
    url = {https://docs.python.org/3.7/}
}

@online{aiohttp,
    title = {aiohttp 3.5.4 documentation},
    year = 2019,
    url = {https://aiohttp.readthedocs.io/en/stable/}
}

@online{jinja,
    title = {Jinja2 Documentation (2.10)},
    year = 2019,
    url = {http://jinja.pocoo.org/docs/2.10/}
}

@online{docker,
    title = {Docker Documentation},
    year = 2019,
    url = {https://docs.docker.com/}
}

@online{wiki,
    title = {Википедия — свободная энциклопедия},
    year = 2019,
    url = {https://ru.wikipedia.org/}
}